<?xml version="1.0" encoding="UTF-8"?><collection xmlns="http://www.loc.gov/MARC21/slim"><record><leader>00419nam--2200121-i-4500</leader><controlfield tag="001">000038181</controlfield><controlfield tag="002">20161230</controlfield><controlfield tag="005">20161230201041</controlfield><controlfield tag="008">060222s1000------------r-----000-0-eng-d</controlfield><datafield ind1=" " ind2=" " tag="080"><subfield code="a">621.38(061.3)</subfield></datafield><datafield ind1=" " ind2=" " tag="245"><subfield code="a">Realizari in domeniul electronicii profesionale:sesiunea i:componente electronice profesionale</subfield></datafield><datafield ind1=" " ind2=" " tag="260"><subfield code="a">Bucuresti, Inst.De Cercetare Stiintifica Si Inginerie Tehnologica Pentru Electronica, 1985</subfield></datafield><datafield ind1=" " ind2=" " tag="852"><subfield code="a">72889</subfield></datafield></record></collection>